@article{gDesignCFDAnalysis2020,
  title = {Design and {{CFD Analysis}} of {{Hypersonic Nose Cone}}},
  author = {G, Naveen Kumar},
  date = {2020-07-31},
  journaltitle = {International Journal for Research in Applied Science and Engineering Technology},
  shortjournal = {IJRASET},
  volume = {8},
  number = {7},
  pages = {1526--1538},
  issn = {23219653},
  doi = {10.22214/ijraset.2020.30549},
  url = {http://ijraset.com/fileserve.php?FID=30549},
  urldate = {2025-10-29},
  file = {/Users/sophiaklymchuk/Zotero/storage/HVJIFZ7D/G - 2020 - Design and CFD Analysis of Hypersonic Nose Cone.pdf}
}
